<?xml version="1.0" encoding="UTF-8"?><collection xmlns="http://www.loc.gov/MARC21/slim"><record><leader>00461nam--2200181-i-4500</leader><controlfield tag="001">000041948</controlfield><controlfield tag="002">20161230</controlfield><controlfield tag="005">20161230201043</controlfield><controlfield tag="008">060222s1000------------r-----000-0-eng-d</controlfield><datafield ind1=" " ind2=" " tag="040"><subfield code="a">IFIN-HH</subfield></datafield><datafield ind1=" " ind2=" " tag="080"><subfield code="a">53:535:537:538</subfield></datafield><datafield ind1="1" ind2=" " tag="100"><subfield code="a">Smith,C.J</subfield></datafield><datafield ind1="1" ind2="0" tag="245"><subfield code="a">A degree physics. part iii: optics</subfield><subfield code="c">C.j. smith</subfield></datafield><datafield ind1=" " ind2=" " tag="250"><subfield code="a">Second Edition</subfield></datafield><datafield ind1=" " ind2=" " tag="260"><subfield code="a">London</subfield><subfield code="b">Edward Arnold Ltd</subfield><subfield code="c">1960</subfield></datafield><datafield ind1=" " ind2=" " tag="300"><subfield code="a">VII+736P</subfield></datafield><datafield ind1=" " ind2=" " tag="852"><subfield code="a">15967</subfield><subfield code="c">53</subfield></datafield><datafield ind1=" " ind2=" " tag="CAT"><subfield code="a">Sys</subfield><subfield code="c">20150216</subfield><subfield code="h">214939</subfield></datafield></record></collection>